<record><leader>00000cas a22000007a 4500</leader><controlfield tag="001">29688324</controlfield><controlfield tag="008">940126d19091991cauwr ne      0    0eng d</controlfield><datafield ind1=" " ind2=" " tag="010"><subfield code="a">sn 94051577 </subfield></datafield><datafield ind1=" " ind2=" " tag="040"><subfield code="a">CNK</subfield><subfield code="b">eng</subfield><subfield code="c">CNK</subfield><subfield code="d">OCLCQ</subfield><subfield code="d">OCLCF</subfield><subfield code="d">OCLCO</subfield></datafield><datafield ind1="1" ind2=" " tag="029"><subfield code="a">AU@</subfield><subfield code="b">000025865819</subfield></datafield><datafield ind1=" " ind2=" " tag="042"><subfield code="a">msc</subfield></datafield><datafield ind1=" " ind2=" " tag="043"><subfield code="a">n-us-ca</subfield></datafield><datafield ind1="0" ind2="0" tag="245"><subfield code="a">Chino champion.</subfield></datafield><datafield ind1="1" ind2=" " tag="246"><subfield code="i">Sunday issues published as:</subfield><subfield code="a">Sunday champion</subfield><subfield code="f">Mar. 2-Dec. 21, 1980</subfield></datafield><datafield ind1="1" ind2="3" tag="246"><subfield code="a">Chino champion and Chino Valley champion</subfield><subfield code="f">&lt;Dec. 25, 1912-Aug. 20, 1913&gt;</subfield></datafield><datafield ind1=" " ind2=" " tag="260"><subfield code="a">Chino, San Bernardino County, Calif. :</subfield><subfield code="b">Ralph C. Homan</subfield></datafield><datafield ind1=" " ind2=" " tag="300"><subfield code="a">v.</subfield></datafield><datafield ind1=" " ind2=" " tag="310"><subfield code="a">Weekly,</subfield><subfield code="b">Dec. 24, 1980-Nov. 1, 1991</subfield></datafield><datafield ind1=" " ind2=" " tag="321"><subfield code="a">Weekly,</subfield><subfield code="b">Aug. 27, 1909-Aug. 3, 1926</subfield></datafield><datafield ind1=" " ind2=" " tag="321"><subfield code="a">Semiweekly,</subfield><subfield code="b">Aug. 6, 1926-Feb. 7, 1930</subfield></datafield><datafield ind1=" " ind2=" " tag="321"><subfield code="a">Weekly,</subfield><subfield code="b">Feb. 14, 1930-Feb. 26, 1980</subfield></datafield><datafield ind1=" " ind2=" " tag="321"><subfield code="a">Semiweekly,</subfield><subfield code="b">Mar. 2-Dec. 21, 1980</subfield></datafield><datafield ind1="0" ind2=" " tag="362"><subfield code="a">22nd year, no. 43 (Aug. 27, 1909)-104th year, no. 52 (Nov. 1, 1991).</subfield></datafield><datafield ind1=" " ind2=" " tag="500"><subfield code="a">Issue for Aug. 23, 1962 called Diamond jubilee edition.</subfield></datafield><datafield ind1=" " ind2=" " tag="515"><subfield code="a">Numbering is irregular.</subfield></datafield><datafield ind1=" " ind2="0" tag="651"><subfield code="a">Chino (Calif.)</subfield><subfield code="v">Newspapers.</subfield></datafield><datafield ind1=" " ind2="7" tag="655"><subfield code="a">Newspapers.</subfield><subfield code="2">fast</subfield><subfield code="0">(OCoLC)fst01423814</subfield></datafield><datafield ind1=" " ind2="7" tag="651"><subfield code="a">California</subfield><subfield code="z">Chino.</subfield><subfield code="2">fast</subfield><subfield code="0">(OCoLC)fst01217506</subfield></datafield><datafield ind1=" " ind2=" " tag="752"><subfield code="a">United States</subfield><subfield code="b">California</subfield><subfield code="c">San Bernardino</subfield><subfield code="d">Chino.</subfield></datafield><datafield ind1="0" ind2=" " tag="775"><subfield code="t">Chino Valley news (Chino, Calif. : 1967)</subfield><subfield code="w">(DLC)sn 98061172</subfield></datafield><datafield ind1="0" ind2=" " tag="775"><subfield code="t">Chino Valley news and community shopping guide</subfield><subfield code="w">(DLC)sn 94051580</subfield></datafield><datafield ind1="0" ind2=" " tag="775"><subfield code="t">Chino Valley news</subfield><subfield code="w">(DLC)sn 94051581</subfield></datafield><datafield ind1="0" ind2=" " tag="775"><subfield code="t">South Ontario news</subfield><subfield code="w">(DLC)sn 96064342</subfield></datafield><datafield ind1="0" ind2="0" tag="780"><subfield code="t">Chino champion and Chino Valley champion</subfield><subfield code="w">(DLC)sn 94051576</subfield></datafield><datafield ind1="0" ind2="0" tag="785"><subfield code="t">Chino-Chino Hills champion</subfield><subfield code="w">(DLC)sn 94051578</subfield></datafield></record>